<record><leader>00000cas a2200000 a 4500</leader><controlfield tag="001">16619640</controlfield><controlfield tag="008">870831d1875187uohuwr ne      0    0eng c</controlfield><datafield ind1=" " ind2=" " tag="010"><subfield code="a">sn 87076624 </subfield></datafield><datafield ind1=" " ind2=" " tag="040"><subfield code="a">ONP</subfield><subfield code="b">eng</subfield><subfield code="c">ONP</subfield><subfield code="d">NVF</subfield><subfield code="d">OCLCQ</subfield><subfield code="d">OCLCF</subfield><subfield code="d">OCLCO</subfield></datafield><datafield ind1="1" ind2=" " tag="029"><subfield code="a">AU@</subfield><subfield code="b">000020534070</subfield></datafield><datafield ind1=" " ind2=" " tag="042"><subfield code="a">pcc</subfield></datafield><datafield ind1=" " ind2=" " tag="043"><subfield code="a">n-us-oh</subfield></datafield><datafield ind1="0" ind2=" " tag="130"><subfield code="a">Crawford County Democrat (Crestline, Ohio)</subfield></datafield><datafield ind1="1" ind2="0" tag="245"><subfield code="a">Crawford County Democrat.</subfield></datafield><datafield ind1=" " ind2=" " tag="260"><subfield code="a">Crestline, Ohio :</subfield><subfield code="b">Jenner &amp; Ward,</subfield><subfield code="c">1875-</subfield></datafield><datafield ind1=" " ind2=" " tag="300"><subfield code="a">v.</subfield></datafield><datafield ind1=" " ind2=" " tag="310"><subfield code="a">Weekly</subfield></datafield><datafield ind1="0" ind2=" " tag="362"><subfield code="a">Vol. 3, no. 20 (May 14, 1875)-</subfield></datafield><datafield ind1="1" ind2=" " tag="362"><subfield code="a">Ceased in July 1877?</subfield></datafield><datafield ind1=" " ind2=" " tag="500"><subfield code="a">Published simultaneously in Crestline and Bucyrus, Ohio &lt;Nov. 10, 1876&gt; and in Bucyrus, Ohio &lt;1876&gt;-</subfield></datafield><datafield ind1=" " ind2=" " tag="500"><subfield code="a">Publishers: Ward &amp; Wright, &lt;Nov. 10, 1876&gt;.</subfield></datafield><datafield ind1=" " ind2=" " tag="588"><subfield code="a">Latest issue consulted: Vol. 4, no. 45 (Nov. 10, 1876).</subfield></datafield><datafield ind1=" " ind2="0" tag="651"><subfield code="a">Crawford County (Ohio)</subfield><subfield code="v">Newspapers.</subfield></datafield><datafield ind1=" " ind2="0" tag="651"><subfield code="a">Crestline (Ohio)</subfield><subfield code="v">Newspapers.</subfield></datafield><datafield ind1=" " ind2="0" tag="651"><subfield code="a">Bucyrus (Ohio)</subfield><subfield code="v">Newspapers.</subfield></datafield><datafield ind1=" " ind2="7" tag="655"><subfield code="a">Newspapers.</subfield><subfield code="2">fast</subfield><subfield code="0">(OCoLC)fst01423814</subfield></datafield><datafield ind1=" " ind2="7" tag="651"><subfield code="a">Ohio</subfield><subfield code="z">Bucyrus.</subfield><subfield code="2">fast</subfield><subfield code="0">(OCoLC)fst01222374</subfield></datafield><datafield ind1=" " ind2="7" tag="651"><subfield code="a">Ohio</subfield><subfield code="z">Crawford County.</subfield><subfield code="2">fast</subfield><subfield code="0">(OCoLC)fst01206900</subfield></datafield><datafield ind1=" " ind2="7" tag="651"><subfield code="a">Ohio</subfield><subfield code="z">Crestline.</subfield><subfield code="2">fast</subfield><subfield code="0">(OCoLC)fst01232526</subfield></datafield><datafield ind1=" " ind2=" " tag="752"><subfield code="a">United States</subfield><subfield code="b">Ohio</subfield><subfield code="c">Crawford</subfield><subfield code="d">Bucyrus.</subfield></datafield><datafield ind1=" " ind2=" " tag="752"><subfield code="a">United States</subfield><subfield code="b">Ohio</subfield><subfield code="c">Crawford</subfield><subfield code="d">Crestline.</subfield></datafield><datafield ind1="0" ind2="0" tag="780"><subfield code="t">Independent Democrat (Bucyrus, Ohio)</subfield></datafield></record>